@Misc{cse202,
note = {\url{https://cseweb.ucsd.edu/classes/wi12/cse202-a/lecture4-final.pdf}, accessed: June 8, 2020},
title = {CSE 202: Design and Analysis of Algorithms}
}

@Misc{notecse,
note = {\url{https://people.math.gatech.edu/~randall/Algs07/lec4.pdf}, accessed: June 8, 2020},
title = {CSE292 Online Computation and Network Algorith}
}

@Misc{roa,
note = {\url{http://wljxzx.haust.edu.cn/moocresource/data/08060502/U/709/pdfs/notes22_lyn.pdf}, accessed: June 8, 2020},
title = {Randomized Online Algorithm}
}

@Misc{lru,
note = {\url{https://en.wikipedia.org/wiki/Cache_replacement_policies}, accessed: June 8, 2020},
title = {Cache replacement policies}
}


@book{algo-design,
  title={Algorithm design},
  author={John E. Hopcroft; Robert E. Tarjan; Turing Award},
  year={1987},
  publisher={Communications of the ACM}
}

@book{harm,
  title={Harmonic Function Theory},
  author={Sheldon Alexer, Paul},
  year={1987},
  publisher={Springer-Verlag New York, Inc}
}

@article{comp,
  title={Competitive Paging Algorithms},
  author={Amos Fiat, Richard Karp},
  journal={Journal of Algorithms 12:685-699 (1991)},
  volume={685-699},
  year={1991}
}
